@manual{sample,
  author = {TU Dortmund},
  title = {Versuchsanleitung zur RÃ¶ntgenemission und -absorption},
  year = 2018
}
@online{alpha,
  title = {Emissionsspektrum von Kupfer},
  urldate = "2018-04-24",
  url = {http://sergey.gmca.aps.anl.gov/cgi/www_dbli.exe?x0hdb=waves}
}
@online{k_edge,
  title = {Absorptionsenergien der K- und L-Kanten},
  urldate = "2018-05-12",
  url = {http://skuld.bmsc.washington.edu/scatter/AS_periodic.html}
}
